<?xml version="1.0" encoding="UTF-8"?><collection xmlns="http://www.loc.gov/MARC21/slim"><record><leader>00403nam--2200145-i-4500</leader><controlfield tag="001">000042605</controlfield><controlfield tag="002">20161230</controlfield><controlfield tag="005">20161230201043</controlfield><controlfield tag="008">060222s1000------------r-----000-0-eng-d</controlfield><datafield ind1=" " ind2=" " tag="080"><subfield code="a">621.039.512</subfield></datafield><datafield ind1=" " ind2=" " tag="100"><subfield code="a">Stamm`Ler,R.J.J.,Takac,S.M. And Weis,Z.J</subfield></datafield><datafield ind1=" " ind2=" " tag="245"><subfield code="a">Neutron thermalization in reactor lattice cells:an npy-project report</subfield></datafield><datafield ind1=" " ind2=" " tag="260"><subfield code="a">Vienna, Iaea, 1966. 131 P</subfield></datafield><datafield ind1=" " ind2=" " tag="490"><subfield code="a">Trs</subfield></datafield><datafield ind1=" " ind2=" " tag="852"><subfield code="a">1875</subfield></datafield></record></collection>